@misc{brasil1996,
  author = {{BRASIL}},
  title = {Lei n° 9.394. Diretrizes gerais da educação brasileira},
  year = {1996},
  month = dec,
  day = 20,
  note = {Disponível em: \url{https://www.planalto.gov.br/ccivil_03/leis/l9394.htm}. Acesso em: 20 jun. 2025}
}

@article{coimbra2021,
  author = {Coimbra, C. L. and Silva, L. B. E. and Costa, N. C. D.},
  title = {A evasão na educação superior: definições e trajetórias},
  journal = {Educação e Pesquisa},
  year = {2021},
  volume = {47},
  pages = {e228764},
  month = apr,
  day = 16
}

@misc{inep2017,
  author = {{INEP}},
  title = {Indicadores de Fluxo da Educação Superior},
  institution = {Instituto Nacional de Estudos e Pesquisas Educacionais Anísio Teixeira},
  year = {2017},
  note = {Disponível em: \url{https://www.gov.br/inep/pt-br/acesso-a-informacao/dados-abertos/indicadores-educacionais/indicadores-de-fluxo-da-educacao-superior}. Acesso em: 20 jun. 2025}
}

@book{james2023,
  author = {James, Gareth and Witten, Daniela and Hastie, Trevor and Tibshirani, Robert},
  title = {An Introduction to Statistical Learning},
  edition = {2},
  publisher = {Springer},
  year = {2023},
  address = {EUA}
}

@mastersthesis{malerba2023,
  author = {Malerba, A.},
  title = {Previsão de Evasão Universitária com Aprendizado de Máquina},
  school = {Universidade Federal de Itajubá},
  year = {2023},
  type = {Dissertação},
  note = {Disponível em: \url{https://repositorio.unifei.edu.br/jspui/bitstream/123456789/4072/1/Disserta\%C3\%A7\%C3\%A3o_2024074.pdf}}
}

@book{morettin2022,
  author = {Morettin, P. A. and Singer, J. Da M.},
  title = {Estatística e Ciência de Dados},
  edition = {1},
  publisher = {Gen - Grupo Editorial Nacional},
  year = {2022},
  address = {Rio de Janeiro}
}

@inproceedings{piccinelli2024,
  author = {Piccinelli, M. and others},
  title = {Análise de Evasão no Ensino Superior na Modalidade EAD Utilizando Estatística e Machine Learning},
  booktitle = {ISLA 2024 Proceedings},
  year = {2024},
  month = aug,
  day = 12,
  note = {Disponível em: \url{https://aisel.aisnet.org/isla2024/1}}
}

@inproceedings{pinheiro2018,
  author = {Pinheiro, M. A. L. and Silva, J. C. Da and Souza, B. F. De},
  title = {Aprendizado de Máquina Aplicado à Análise de Evasão no Ensino Superior},
  booktitle = {Anais do Computer on the Beach},
  year = {2018},
  volume = {9},
  pages = {512--521},
  month = may,
  day = 10
}

@article{santos2024evasao,
  author = {Santos, C. O. Dos and others},
  title = {Evasão no ensino superior brasileiro: uma percepção das predisposições, causas e consequências},
  journal = {Revista de Gestão e Secretariado},
  year = {2024},
  volume = {15},
  number = {2},
  pages = {e3515--e3515},
  month = feb,
  day = 19
}

@article{santos2024previsao,
  author = {Santos, K. Dos and Fernandes, E. P.},
  title = {A Previsão de Evasão em Cursos de Graduação Utilizando Machine Learning: Uma Análise com Alunos de uma Instituição de Ensino Superior particular},
  journal = {Caderno Virtual},
  year = {2024},
  volume = {1},
  number = {58},
  month = feb,
  day = 20,
  note = {Disponível em: \url{https://www.portaldeperiodicos.idp.edu.br/cadernovirtual/article/view/7681}. Acesso em: 26 maio 2025}
}

@misc{soares2020,
  author = {Soares, A. G.},
  title = {Evasão no ensino superior público: um estudo de caso no curso de Administração da UNIPAMPA},
  year = {2020},
  month = dec,
  day = 7,
  note = {Disponível em: \url{https://repositorio.unipampa.edu.br/jspui/handle/riu/5323}. Acesso em: 20 jun. 2025}
}

